
% BASE DE DATOS BIBLIOGRAFICA GENERAL


%**************************** MOLDES ****************************

  @ARTICLE {,
  AUTHOR = "{ }",
  TITLE = "",
  JOURNAL = {},
  YEAR = {},
  volume = {},
  number = {},
  pages = {},
  month = {},
  note = {}
  }

  @BOOK   {,
  AUTHOR = "{ }",
  TITLE= "",
  PUBLISHER = {},
  YEAR = {},
  volume = {},
  series = {},
  address = {},
  edition = {},
  month = {},
  note = {}
  }

  @INPROCEEDINGS {,
  AUTHOR ="{ }",
  TITLE ="",
  BOOKTITLE = {},
  YEAR = {},
  editor = {},
  pages = {},
  organization = {},
  publisher = {},
  address = {},
  month = {},
  note = {}
  }

  @misc{,
  author    = "{}",
  title     = "",
  howpublished = {},
  url = {},
  year     = "XXXX",
  month    = {},
  note     = {}
  }

  @PHDTHESIS   {,
  AUTHOR = "{ }",
  TITLE = "",
  SCHOOL = {},
  YEAR = {},
  address = {},
  month = {},
  note = {}
  }

  @UNPUBLISHED {,
  AUTHOR = "{ }",
  TITLE = "",
  NOTE = {},
  month = {},
  year = {}
  }

%******************* LISTA DE ABREVIATURAS ************************

  @STRING{ ap    = "Academic Press"}
  @STRING{ aw    = "Addison-Wesley Publishing Company" }
  @STRING{ awi   = "Addison-Wesley Iberoamericana" }
  @STRING{ cup   = "Cambridge University Press"}
  @STRING{ cp    = "Clarendon Press"}
  @STRING{ dv    = "Dover Publications Inc."}
  @STRING{ eu    = "Eudeba"}
  @STRING{ fc    = "W.H. Freeman and Company"}
  @STRING{ jws   = "John Wiley \& Sons"}
  @STRING{ kap   = "Kluwer Academic Publishers"}
  @STRING{  l    = "Limusa"}
  @STRING{ mir   = "Mir"}
  @STRING{ nh    = "North-Holland"}
  @STRING{  p    = "Paraninfo"}
  @STRING{ ph    = "Prentice-Hall"}
  @STRING{ rpc   = "Reidel Publishing Company"}
  @STRING{ rev   = "Revert\'e"}
  @STRING{ sv    = "Springer-Verlag"}
  @STRING{ vv    = "Vicens Vives"}
  @STRING{ ws    = "World Scientific"}

%*******************************************************************

  @BOOK   {alo,
  AUTHOR = "{Alonso de Mendizábal, C.}",
  TITLE= "Blas de Lezo, el malquerido",
  PUBLISHER = {Dossoles},
  YEAR = {2008},
  address = {España}
  }

  @BOOK   {arc,
  AUTHOR = "{Arciniegas, G.}",
  TITLE= "Relato del almirante inglés y el cojo Don Blas",
  PUBLISHER = {Ed. Sudamericana},
  YEAR = {1966},
  volume = {vol. 3, cap. XVI},
  series = {Biografía del Caribe}
  }

  @MISC{bci,
    author = "{Grandes Batallas de la Historia}",
    title = {{Batalla de Cartagena de Indias (Guerra de la Oreja de Jenkins)}},
    url = {https://is.gd/CE2mmI},
    note = {Acceso: 24 febrero 2018},
    year={2013}
    }

  @INPROCEEDINGS {ber,
  AUTHOR ="{Bermúdez Plata, C.}",
  TITLE ="Narración de la defensa de Cartagena de Indias contra el ataque de los ingleses en 1741",
  BOOKTITLE = {El Correo de Andalucía},
  YEAR = {1912},
  pages = {desonocido},
  note = {Sevilla}
  }

  @INPROCEEDINGS {fer,
  AUTHOR ="{Fernández de Navarrete, F.}",
  TITLE ="Blas de Lezo",
  BOOKTITLE = {Colección de Opúsculos },
  YEAR = {1848},
  pages = {261},
  publisher = {Imprenta de la viuda de Calero},
  address = {Madrid}
  }

  @ARTICLE {garciarivas,
  AUTHOR = "{García Rivas, M.}",
  TITLE = "En Torno a la Biografía de Blas de Lezo",
  JOURNAL = {Revista de Estudios Marítimos del País Vasco},
  YEAR = {2012},
  volume = {7},
  pages = {491-495}
  }

  @BOOK   {mar,
  AUTHOR = "{Martínez Delgado, L.}",
  TITLE= "Historia Extensa de Colombia",
  PUBLISHER = {Ediciones Lerner},
  YEAR = {1970},
  volume = {vol. 4, parte 1}
  }

  @BOOK   {qui,
  AUTHOR = "{Quintero Saravia, G.}",
  TITLE= "Don Blas de Lezo. Defensor de Cartagena de Indias",
  PUBLISHER = {Planeta},
  YEAR = {2002},
  address = {Madrid}
  }

  @BOOK   {qui01,
  AUTHOR = "{Quintero Saravia, G.}",
  TITLE= "Don Blas de Lezo: biografía de un marino español del siglo XVIII",
  PUBLISHER = {Edaf},
  YEAR = {2016},
  address = {Madrid}
  }

  @BOOK   {rod,
  AUTHOR = "{Rodríguez, J.M}",
  TITLE= "El vasco que salvó al imperio español. El almirante Blas de Lezo",
  PUBLISHER = {Altera},
  YEAR = {2008},
  address = {España}
  }

  @INPROCEEDINGS {smo,
  AUTHOR ="{Smollet, T.}",
  TITLE ="Authentic papers related to the expedition against Carthagena",
  BOOKTITLE = {Reportaje de la historia de Colombia},
  YEAR = 1989,
  pages = {desonocido},
  note = {Bogotá}
  }