

%%%%%%%%%%%%%%%%%% BASE DE DATOS BIBLIOGRAFICA GENERAL
%%%%%%%%%%%%%%%%%%%%%%%%% RELACION DE ARTICULOS


%**************************** MOLDES ****************************

  @ARTICLE {,
  AUTHOR = "{\sc }",
  TITLE = "",
  JOURNAL = {},
  YEAR = {},
  volume = {},
  number = {},
  pages = {},
  month = {},
  note = {}
  }

  @BOOK   {,
  AUTHOR = "{\sc }",
  TITLE= "",
  PUBLISHER = {},
  YEAR = {},
  volume = {},
  series = {},
  address = {},
  edition = {},
  month = {},
  note = {}
  }

  @INPROCEEDINGS {,
  AUTHOR ="{\sc }",
  TITLE ="",
  BOOKTITLE = {},
  YEAR = {},
  editor = {},
  pages = {},
  organization = {},
  publisher = {},
  address = {},
  month = {},
  note = {}
  }

  @PHDTHESIS   {,
  AUTHOR = "{\sc }",
  TITLE = "",
  SCHOOL = {},
  YEAR = {},
  address = {},
  month = {},
  note = {}
  }

  @UNPUBLISHED {,
  AUTHOR = "{\sc }",
  TITLE = "",
  NOTE = {},
  month = {},
  year = {}
  }



  %******************* LISTA DE ABREVIATURAS ************************

  @STRING{ bit   = "Nordisk Tidskrift for Informationsbehandling (BIT)"}
  @STRING{ cup   = "Cambridge University Press"}
  @STRING{ cmn   = "Computationals Methods in Number Theory"}
  @STRING{ jsl   = "The Journal of Symbolic Logic"}
  @STRING{ jacm  = "Journal Assoc. Comput. Mach."}
  @STRING{ ndjfl = "Notre Dame Journal of Formal Logic"}
  @STRING{ sl    = "Studia Logica" }
  @STRING{ mlq   = "Zeitschr. f. math. Logik und Grundlagen d. Math."}
  @STRING{ au    = "Algebra Universalis" }
  @STRING{ rml   = "Reports on Mathematical Logic" }
  @STRING{ mgh   = "McGraw--Hill" }
  @STRING{ aw    = "Addison-Wesley Publishing Company" }
  @STRING{ ph    = "Prentice-Hall"}
  @STRING{ vv    = "Vicens Vives"}


 %*******************************************************************

  @ARTICLE {ber,
  AUTHOR = "{\sc Berlekamp, E.R.}",
  TITLE = "Factoring Polynomials over Finite Fields",
  JOURNAL = {Bell System Technical Journal},
  YEAR = {1967},
  volume = {46},
  pages = {1853--1859}
  }

  @ARTICLE {ber1,
  AUTHOR = "{\sc Berlekamp, E.R.}",
  TITLE = "Factoring Polynomials over Large Finite Fields",
  JOURNAL = {Mathematics Computations},
  YEAR = {1970},
  volume = {24},
  pages = {713--735}
  }

  @ARTICLE {bla,
  AUTHOR = "{\sc Blakley, G.R.} and {\sc Borosh, I.}",
  TITLE = "Rivest-Shamir-Adleman public-key cryp. do not always conceal messages",
  JOURNAL = {Comp. and Maths. with Appls.},
  YEAR = {1979},
  volume = {5},
  pages = {169--178}
  }

  @ARTICLE {bre,
  AUTHOR = "{\sc Brent, R.P.}",
  TITLE = "An Improved Monte Carlo Factorization Algorithm",
  JOURNAL = bit,
  YEAR = {1980},
  volume = {20},
  pages = {176--184}
  }

 @BOOK   {bou,
  AUTHOR = "{\sc Bouchard, C. } and {\sc Koch, J.}",
  TITLE = "The Caterpillar Way: Lessons in Leadership, Growth, and Shareholder Value",
  PUBLISHER = mgh,
  YEAR = {2013}
  }

  @ARTICLE {can,
  AUTHOR = "{\sc Cantor, D.G.} and {\sc Zassenhaus, H.}",
  TITLE = "A New Algorithm for Factoring Polynomials over a Finite Field",
  JOURNAL = {Math. Comp.},
  YEAR = {1981},
  volume = {36},
  pages = {587--592}
  }

  @ARTICLE {coh,
  AUTHOR = "{\sc Cohen, H.} and {\sc Lenstra, H.W.}",
  TITLE = "Primality testing and Jacobi sums",
  JOURNAL = {Mathematics of Computation},
  YEAR = {1984},
  volume = {42},
  pages = {297--330}
  }

  @ARTICLE {coo,
  AUTHOR = "{\sc Cooley, J.W.} and {\sc Tukey, J.W.}",
  TITLE = "An algorithm for the machine calculation of complex Fourier series",
  JOURNAL = {Math. Comp.},
  YEAR = {1965},
  volume = {19},
  pages = {297--301}
  }

  @ARTICLE {cop,
  AUTHOR = "{\sc Coppersmith, D.}",
  TITLE = "Fast evaluation of logrithms in fields of characteristic two",
  JOURNAL = {IEEE Transactions in Information Theory IT-30},
  YEAR = {1984},
  pages = {587--594}
  }

@ARTICLE {dpm,
  AUTHOR = "{\sc Davis, M.} and {\sc Putnam, H.}",
  TITLE = "A computing procedure for quantification theory",
  JOURNAL = {J. ACM},
  YEAR = {1960},
  volume = {7},
  number = {3},
  pages = {201--215}
  }


  @INPROCEEDINGS {deb,
  AUTHOR ="{\sc De Bruijn, N. G.}",
  TITLE ="Polya's Theory of Counting",
  BOOKTITLE = {Applied Combinatorial Mathematics},
  YEAR = {1964},
  editor = {Edwin F. Beckenbach},
  pages = {cap. 5},
  publisher = {John Wiley},
  address = {New York}
  }

  @ARTICLE {hen,
  AUTHOR = "{\sc Henschen, L.} and {\sc Wos, L.}",
  TITLE = "Unit Refutations and Horn Sets",
  JOURNAL = {Journal of the Association for Computing Machinery},
  YEAR = {1974},
  volume = {21},
  number = {4},
  pages = {590--605}
  }

  @ARTICLE {hop1,
  AUTHOR = "{\sc Hopcroft, J.} and {\sc Tarjan, R.E.}",
  TITLE = "Efficient planarity testing",
  JOURNAL = {JACM},
  YEAR = {1974},
  volume = {21},
  number = {4},
  pages = {549--568}
  }

  @ARTICLE {kow,
  AUTHOR = "{\sc Kowalski, R.} and {\sc Kuhner, D.}",
  TITLE = "Linear resolution with selection function",
  JOURNAL = {Artificial Intelligence},
  YEAR = {1971},
  volume = {2},
  pages = {227--260},
  }

  @ARTICLE {l3,
  AUTHOR = "{\sc Lenstra, A.K., Lenstra, H.W.} and {\sc Lov\'{a}sz, L.}",
  TITLE = "Factoring Polynomials with Rational Coefficients",
  JOURNAL = {Math. Ann.},
  YEAR = {1982},
  volume = {261},
  pages = {515--534}
  }

 @BOOK   {let,
  AUTHOR = "{\sc Letourneau, P.A. }",
  TITLE= "Caterpillar Military Tractors Vol. 2: Workpower on the Side of Victory, Photo Archive",
  PUBLISHER = {Iconografix, Inc.},
  YEAR = {1994}
  }

  @INPROCEEDINGS {lov,
  AUTHOR ="{\sc Loveland, D.W.}",
  TITLE ="A linear format for resolution",
  BOOKTITLE = {Proc. IRIA Symp. Automatic Demostration},
  YEAR = {1970},
  pages = {147--162},
  publisher = {Springer-Verlag},
  address = {New York}
  }

  @ARTICLE {lov1,
  AUTHOR = "{\sc Loveland, D.W.}",
  TITLE = "Mechanical theorem proving by model elimination",
  JOURNAL = jacm,
  YEAR = {1968},
  volume = {15},
  pages = {236--251}
  }

  @ARTICLE {lov2,
  AUTHOR = "{\sc Loveland, D.W.}",
  TITLE = "A simplified format for the model elimination theorem-proving procedure",
  JOURNAL = jacm,
  YEAR = {1969},
  volume = {16},
  pages = {349--363}
  }

  @PROCEEDINGS{lov3,
  AUTHOR = "{\sc Loveland, D.W.}",
  TITLE = "Theorem provers combining model elimination and resolution",
  series = {Machine Intelligence},
  YEAR = {1969},
  editor = "{\sc Meltzer, B.} and {\sc Michie, D.}",
  volume = {4},
  pages = {73--86},
  publisher = {American Elsevier},
  address = {New York}
  }

  @ARTICLE {lov4,
  AUTHOR = "{\sc Loveland, D.W.}",
  TITLE = "A unifying view of some linear Herbran procedures",
  JOURNAL = jacm,
  YEAR = {1972},
  volume = {19},
  pages = {366--384}
  }


  @INPROCEEDINGS {luc,
  AUTHOR ="{\sc Luckham, D.}",
  TITLE ="Refinements in resolution theory",
  BOOKTITLE = {Proc. IRIA Symp. Automatic Demostration},
  YEAR = {1968},
  pages = {163--169},
  publisher = {Springer-Verlag},
  address = {New York}
  }

  @ARTICLE {min,
  AUTHOR ="{\sc Minola, A.} and {\sc Yun, D.Y.Y.}",
  TITLE ="The Computational Aspects of Hensel-Type Univariate Greatest Common Divisor Algorithms",
  JOURNAL = {(Proc. EUROSAM'74) ACM SIGSAM Bull},
  YEAR = {1974},
  volume = {8},
  number = {3},
  pages = {46--54}
  }

  @ARTICLE {nee,
  AUTHOR = "{\sc Needham, R.M.} and {\sc Schroeder, M.D.}",
  TITLE = "Using Encryption for Authentication in Large Networks of Computers",
  JOURNAL = {Communications of the ACM},
  YEAR = {1978},
  volume = {21},
  number = {12},
  pages = {993--999},
  month = {dec.}
  }

  @ARTICLE {pol,
  AUTHOR = "{\sc Pollard, J.M.}",
  TITLE = "A Monte Carlo Method for Factorization",
  JOURNAL = bit,
  YEAR = {1975},
  volume = {15},
  pages = {331--334}
  }

  @ARTICLE {riv,
  AUTHOR = "{\sc Rivest, Ron}",
  TITLE = "Remarks on a proposed cryp. attack on the MIT public-key cryp.",
  JOURNAL = {Cryptologia},
  YEAR = {1978},
  volume = {2},
  pages = {62--65}
  }

  @ARTICLE {rob,
  AUTHOR = "{\sc Robinson, J.A.}",
  TITLE = "A machine oriented logic based on the resolution principle",
  JOURNAL = {J. ACM},
  YEAR = {1965},
  volume = {12},
  number = {1},
  pages = {23--41}
  }

  @ARTICLE {rob1,
  AUTHOR = "{\sc Robinson, J.A.}",
  TITLE = "Automatic deduction with hyper-resolution",
  JOURNAL = {Internat. J. Comput. Math.},
  YEAR = {1965},
  volume = {1},
  pages = {227--234}
  }

  @ARTICLE {sha,
  AUTHOR = "{\sc Shannon, C. E.}",
  TITLE = "A Symbolic Analysis of Relay and Switching Circuits",
  JOURNAL = {Transactions of the AIEE},
  YEAR = {1937},
  volume = {57},
  pages = {713--723}
  }

  @ARTICLE {sha1,
  AUTHOR = "{\sc Shannon, C. E.}",
  TITLE = "The Synthesis of the Two-terminal Switching Circuits",
  JOURNAL = {Bell System Technical Journal},
  YEAR = {1949},
  volume = {28},
  pages = {59--98}
  }

  @ARTICLE {yah,
  AUTHOR = "{\sc Burrows, M.}, {\sc Abadi, M.} and {\sc Needham, R.}",
  TITLE = "A Logic of Authentication",
  JOURNAL = {Digital Equipment Corp. Systems Research Center},
  YEAR = {1990},
  month = {Feb}
  }

  @INPROCEEDINGS {yun1,
  AUTHOR ="{\sc Yun, D.Y.Y.}",
  TITLE ="On Squarefree Decomposition Algorithms",
  BOOKTITLE = {Proc. of the 1976 AMS Symp. on Symb. and Alg. Comp.},
  YEAR = {1976},
  editor = {R.D. Jenks},
  pages = {26--35},
  publisher = {ACM Press},
  address = {Yorktown}
  }

  @ARTICLE {zas,
  AUTHOR = "{\sc Zassenhaus, H.}",
  TITLE = "Hensel Factorization I",
  JOURNAL = {J. Number Theory},
  YEAR = {1969},
  volume = {1},
  pages = {291--311}
  }
